%=====ARTICOLI-SCIENTIFICI==========
@article{article:table-detection-using-dl,
    author = {Gilani, Azka and Rukh Qasim, Shah and Malik, Imran and Shafait, Faisal},
    year = {2017},
    month = {09},
    title = {Table Detection Using Deep Learning},
    url		  = {https://www.researchgate.net/publication/320243569_Table_Detection_Using_Deep_Learning},
    urldate	  = {2018-09-16}
}
%======SITES-FOR-READING=====
@reading{site:pv,
    title   = {P\&V: Met u, altijd en overal},
    url     = {https://www.pv.be/home},
    urldate = {2018-09-18}
}
@reading{site:fidelidade,
    title   = {Fidelidade},
    url     = {https://www.fidelidade.pt/},
    urldate = {2018-09-18}
}
@reading{site:swiss-re,
    title   = {Swiss Re},
    url     = {www.swissre.com/},
    urldate = {2018-09-18}
}
@reading{site:munich-re,
    title   = {Munich Re},
    url     = {https://www.munichre.com/en/homepage/index.html},
    urldate = {2018-09-18}
}
@reading{site:accenture,
    title   = {Accenture},
    url     = {https://www.accenture.com/it-it/new-applied-now},
    urldate = {2018-09-18}
}
@reading{site:deloitte,
    title   = {deloitte},
    url     = {https://www2.deloitte.com/it/it.html},
    urldate = {2018-09-18}
}
@reading{site:fintech,
    title   = {FinTech Innovation Lab},
    url     = {http://www.fintechinnovationlab.com/},
    urldate = {2018-09-18}
}
@reading{site:mundi-lab,
    title   = {MundiLab},
    url     = {http://mundi-lab.com/},
    urldate = {2018-09-18}
}
@reading{site:deloitte-digital-startup,
    title   = {Deloitte Digital Disruptors - STARTUP PROGRAMS},
    url     = {http://www.deloittedigitaldisruptors.com/category/deloitte-digital-disruptors/},
    urldate = {2018-09-18}
}
@reading{site:django,
    title   = {Django: The Web framework for perfectionists with deadlines},
    url     = {https://www.djangoproject.com/},
    urldate = {2018-09-18}
}
@reading{site:stageit,
    title   = {STAGE-IT, intro aziende-studenti},
    url     = {informatica.math.unipd.it/laurea/stageit.html},
    urldate = {2018-09-18}
}
@reading{site:riskapp-rai,
    title   = {RiskAPP! la startup per la valutazione del rischio },
    url     = {http://www.economia.rai.it/articoli/riskapp-la-startup-per-la-valutazione-del-rischio/31338/default.aspx},
    urldate = {2018-09-18}
}
@reading{site:medium,
	title   = {Medium, where words matter.},
	url     = {https://medium.com/}
}
@reading{site:coursera,
	title   = {Coursera},
	url     = {https://www.coursera.org/}
}
@reading{site:machine_learning_is_fun,
	author    = "Adam Geitgey",
	title     = "Machine Learning is Fun!",
	publisher = "https://medium.com",
	month     = "05",
	year      = "2014",
	url       = "https://medium.com/@ageitgey/machine-learning-is-fun-80ea3ec3c471",
	urldate   = "2018-09-13"
}
@reading{site:supervised_vs_unsupervised_learning,
	author	  = "Devin Soni",
	title	  = "Supervised vs. Unsupervised Learning",
	publisher = "https://towardsdatascience.com",
	month	  = "03",
	year	  = "2018",
	url		  = "https://towardsdatascience.com/supervised-vs-unsupervised-learning-14f68e32ea8d",
	urldate	  = "2018-09-13"
}
@reading{site:type_optimizers,
    author	  = "Anish Singh Walia",
    title	  = "Types of Optimization Algorithms used in Neural Networks and Ways to Optimize Gradient Descent",
    publisher = "https://towardsdatascience.com",
    month	  = "06",
    year	  = "2017",
    url		  = "https://towardsdatascience.com/types-of-optimization-algorithms-used-in-neural-networks-and-ways-to-optimize-gradient-95ae5d39529f",
    urldate	  = "2018-09-17"
}
@reading{site:intuitive_guide_DNN_architecture,
	author	  = "Joyce Xu",
	title	  = "An Intuitive Guide to Deep Network Architectures",
	publisher = "https://towardsdatascience.com",
	month	  = "08",
	year	  = "17",
	url		  = "https://towardsdatascience.com/an-intuitive-guide-to-deep-network-architectures-65fdc477db41",
	urldate	  = "2018-09-13"
}
@reading{site:RMSProp-optimizer,
    author	  = "Rohith Gandhi",
    title	  = "A Look at Gradient Descent and RMSprop Optimizers",
    publisher = "https://towardsdatascience.com",
    month	  = "06",
    year	  = "2018",
    url		  = "https://towardsdatascience.com/a-look-at-gradient-descent-and-rmsprop-optimizers-f77d483ef08b",
    urldate	  = "2018-09-17"
}
@reading{site:momentum-optimizer,
    author	  = "Vitaly Bushaev",
    title	  = "Stochastic Gradient Descent with momentum",
    publisher = "https://towardsdatascience.com",
    month	  = "12",
    year	  = "2017",
    url		  = "https://towardsdatascience.com/stochastic-gradient-descent-with-momentum-a84097641a5d",
    urldate	  = "2018-09-17"
}
@reading{site:adam-optimizer,
    author	  = "Andrew Ng",
    title	  = "Adam optimization algorithm",
    publisher = "https://coursera.org",
    url		  = "https://www.coursera.org/lecture/deep-neural-network/adam-optimization-algorithm-w9VCZ",
    urldate	  = "2018-09-17"
}
@reading{site:github,
	title	  = {The world's leading software development platform: GitHub},
	publisher = {https://www.google.it/search?q=gitub\&ie=\&oe=},
	url		  = {https://github.com/},
	urldate	  = {2018-09-15}
}
@reading{site:inception,
	author	  = "Christian Szegedy; Wei Liu; Yangqing Jia; Pierre Sermanet; Scott Reed; Dragomir Anguelov; Dumitru Erhan; Vincent Vanhoucke; Andrew Rabinovich",
	title	  = "Going Deeper with Convolutions",
	publisher = "Cornell University Library",
	month	  = "09",
	year	  = "14",
	url		  = "https://arxiv.org/abs/1409.4842",
	urldate	  = "2018-09-16"
}
@reading{site:ICDAR-2017-POD,
    author	  = {Liangcai Gao; Xiaohan Yi; Leipeng Hao; Zhuoren Jiang; Zhi Tang},
    title	  = {ICDAR 2017 POD Competition},
    publisher = {Institute of Computer Science \& Technology, Peking University},
    month	  = {03},
    year	  = {17},
    url		  = {http://www.icst.pku.edu.cn/cpdp/ICDAR2017_PODCompetition/index.html},
    urldate	  =  {2018-09-16}
}
@reading{site:comp-sci-peking,
    title	  = "Institute of Computer Science \& Technology, Peking University",
    url		  = "http://www.icst.pku.edu.cn/index.php?s=/Home/Index/index/lang/en.html",
    urldate	  = "2018-09-14"
}
@reading{site:cite-seer-x,
    title	  = {CiteCeerX Ã¨ un motore di ricerca per \textit{paper} scientifici e accademici nei campi della \textit{computer} e \textit{information science}},
    url		  = {http://citeseerx.ist.psu.edu/index},
    urldate	  = {2018-09-16}
}
@reading{site:coco-dataset,
    title	  = {COCO is a large-scale object detection, segmentation, and captioning dataset},
    url		  = {http://cocodataset.org/},
    urldate	  = {2018-09-16}
}
@reading{site:open-images-dataset,
    title	  = {COCO is a large-scale object detection, segmentation, and captioning dataset},
    url		  = {http://cocodataset.org/},
    urldate	  = {2018-09-16}
}
@reading{site:kitti-dataset,
    title = {Open Images is a dataset of ~9 million images that have been annotated with image-level labels and object bounding boxes},
    url		  = {https://storage.googleapis.com/openimages/web/index.html},
    urldate	  = {2018-09-16}
}
@reading{site:ava-dataset,
    title = {AVA is a project that provides audiovisual annotations of video for improving our understanding of human activity},
    url		  = {https://research.google.com/ava/},
    urldate	  = {2018-09-16}
}
@reading{site:distance-transform,
    title = {Distance transform example and meaning in OpenCV},
    url		  = {https://docs.opencv.org/3.4/d7/d1b/group__imgproc__misc.html#ga8a0b7fdfcb7a13dde018988ba3a43042},
    urldate	  = {2018-09-16}
}
@reading{site:generate-tfrecord,
    title = {Using your own dataset},
    url		  = {https://github.com/tensorflow/models/blob/master/research/object_detection/g3doc/using_your_own_dataset.md},
    urldate	  = {2018-09-16}
}
@reading{site:COCO-trained-model-statistics,
    title = {COCO-trained models statistics},
    url		  = {https://github.com/tensorflow/models/blob/master/research/object_detection/g3doc/detection_model_zoo.md#coco-trained-models},
    urldate	  = {2018-09-17}
}
@reading{site:l2-reg,
    title = {Regularization for Simplicity: L2 Regularization },
    url		  = {https://developers.google.com/machine-learning/crash-course/regularization-for-simplicity/l2-regularization},
    urldate	  = {2018-09-17}
}
@reading{site:pipeline-pattern,
    title = {The Pipeline Pattern},
    url		  = {https://www.cise.ufl.edu/research/ParallelPatterns/PatternLanguage/AlgorithmStructure/Pipeline.htm},
    urldate	  = {2018-09-17}
}
@reading{site:single-responsibility-principle,
    title = {Single Responsibility Principle},
    url		  = {https://www.oodesign.com/single-responsibility-principle.html},
    urldate	  = {2018-09-17}
}
@reading{site:denoysing-dirty-documents,
    title = {Denoising Dirty Documents, Kaggle kernels},
    url		  = {https://www.kaggle.com/c/denoising-dirty-documents/kernels},
    urldate	  = {2018-09-17}
}
@reading{site:kaggle,
    title = {Kaggle is the place to do data science projects},
    url		  = {https://www.kaggle.com/},
    urldate	  = {2018-09-17}
}


%======SITES-OF-PRODUCTS=====
@prod{prod:django-rest-framework,
    title   = {Django REST framework},
    url     = {http://www.django-rest-framework.org/},
    urldate = {2018-09-18}
}
@prod{prod:circle-ci,
    title   = {CircleCI: The shortest distance from idea to execution},
    url     = {https://circleci.com/},
    urldate = {2018-09-18}
}
@prod{prod:keras,
	title	  = "Keras: The Python Deep Learning library",
	url		  = "https://keras.io/",
	urldate	  = "2018-09-14"
}
@prod{prod:tensorflow,
	title	  = "Tensorflow: An open source machine learning framework for everyone",
	url		  = "https://www.tensorflow.org/",
	urldate	  = "2018-09-14"
}
@prod{prod:tensorflow_o_d_api,
	title	  = "Tensorflow object detection API",
	url		  = "https://github.com/tensorflow/models/tree/master/research/object_detection",
	urldate	  = "2018-09-14"
}
@prod{prod:CNTK,
	title	  = "Microsoft Cognitive Toolkit (CNTK), an open source deep-learning toolkit",
	url		  = "https://github.com/Microsoft/cntk",
	urldate	  = "2018-09-14"
}
@prod{prod:Theano,
	title	  = "Theano",
	url		  = "https://github.com/Theano/Theano",
	urldate	  = "2018-09-14"
}
@prod{prod:tensorflow-model-zoo,
	title	  = {Tensorflow Model Zoo},
	url		  = {https://github.com/tensorflow/models/blob/master/research/object_detection/g3doc/detection_model_zoo.md#coco-trained-models},
	urldate	  = {2018-09-14}
}
@prod{prod:python,
	title	  = {Python},
	url		  = {https://www.python.org/},
	urldate	  = {2018-09-15}
}
@prod{prod:PyCharm,
	title	  = {PyCharm: Python IDE for Professional Developers},
	url		  = {https://www.jetbrains.com/pycharm/},
	urldate	  = {2018-09-15}
}
@prod{prod:IntelliJ,
    title	  = {IntelliJ: the most intelligent Java IDE},
    url		  = {https://www.jetbrains.com/idea/},
    urldate	  = {2018-09-18}
}
@prod{prod:TableTrainNet,
	title	  = {TableTrainNet: Table recognition inside douments using neural networks},
	url		  = {https://github.com/mawanda-jun/TableTrainNet},
	urldate	  = {2018-09-15}
}
@prod{prod:IntelligentOCR,
	title	  = {IntelligentOCR: An intelligent OCR to detect tables and pure text inside PDFs and obtaing a csv file and a txt from it},
	url		  = {https://github.com/mawanda-jun/IntelligentOCR},
	urldate	  = {2018-09-15}
}
@prod{prod:pillow,
title	  = {Pillow is the friendly PIL fork by Alex Clark and Contributors. PIL is the Python Imaging Library by Fredrik Lundh and Contributors},
url		  = {https://pillow.readthedocs.io/en/latest/},
urldate	  = {2018-09-15}
}
@prod{prod:cv2,
	title	  = {OpenCV (Open Source Computer Vision Library) is an open source computer vision and machine learning software library},
	url		  = {https://opencv.org/},
	urldate	  = {2018-09-15}
}
@prod{prod:alyn,
title	  = {Alyn: Detect and fix skew in images containing text},
url		  = {https://github.com/mawanda-jun/Alyn},
urldate	  = {2018-09-15}
}
@prod{prod:scikit-image,
	title	  = {Scikit-image is a collection of algorithms for image processing},
	url		  = {https://scikit-image.org/},
	urldate	  = {2018-09-15}
}
@prod{prod:pdftoppm,
	title	  = {pdftoppm: Portable Document Format (PDF) to Portable Pixmap (PPM)},
	url		  = {https://www.systutorials.com/docs/linux/man/1-pdftoppm/},
	urldate	  = {2018-09-15}
}
@prod{prod:tabula,
	title	  = {Tabula is a tool for liberating data tables locked inside PDF files.},
	url		  = {https://tabula.technology/},
	urldate	  = {2018-09-15}
}
@prod{prod:tesseract,
	title	  = {Tesseract: an optical character recognition (OCR) engine},
	url		  = {https://opensource.google.com/projects/tesseract},
	urldate	  = {2018-09-15}
}
@prod{prod:pandas,
	title	  = {pandas is an open source, BSD-licensed library providing high-performance, easy-to-use data structures and data analysis tools for the Python programming language},
	url		  = {https://pandas.pydata.org/},
	urldate	  = {2018-09-15}
}
@prod{prod:imagemagik,
	title	  = {Use ImageMagickÂ® to create, edit, compose, convert bitmap images},
	url		  = {https://www.imagemagick.org/},
	urldate	  = {2018-09-15}
}
@prod{prod:wand,
    title	  = {Wand is a ctypes-based simple ImageMagick binding for Python.},
    url		  = {http://docs.wand-py.org/en/0.4.4/},
    urldate	  = {2018-09-17}
}
@prod{prod:react,
    title	  = {React: A JavaScript library for building user interfaces},
    url		  = {https://reactjs.org/},
    urldate	  = {2018-09-18}
}
@prod{prod:redux,
    title	  = {Redux is a predictable state container for JavaScript apps.},
    url		  = {https://redux.js.org/},
    urldate	  = {2018-09-18}
}
%======PEOPLE=====
@person{person:andrew-ng,
	title	  = {Andrew Ng},
	url		  = {https://www.coursera.org/instructor/andrewng},
	urldate	  = {2018-09-15}
}

%======COURSES=====
@course{course:machine-learning,
	author	  = {Andrew Ng},
	title	  = {Machine Learning},
	publisher = {Coursera},
	url		  = {https://www.coursera.org/learn/machine-learning},
	urldate	  = {2018-09-15}
}
@course{course:deep-learning-specialization,
	author	  = {Andrew Ng; Younes Bensouda Mourri; Kian Katanforoosh},
	title	  = {Deep Learning Specialization},
	publisher = {Coursera},
	url		  = {https://www.coursera.org/specializations/deep-learning},
	urldate	  = {2018-09-15}
}
@course{course:neural-networks-deep-learning,
	author	  = {Andrew Ng; Younes Bensouda Mourri; Kian Katanforoosh},
	title	  = {Neural Networks and Deep Learning},
	publisher = {Coursera},
	url		  = {https://www.coursera.org/learn/neural-networks-deep-learning},
	urldate	  = {2018-09-15}
}
@course{course:improving-nn,
	author	  = {Andrew Ng; Younes Bensouda Mourri; Kian Katanforoosh},
	title	  = {Improving Deep Neural Networks: Hyperparameter tuning, Regularization and Optimization},
	publisher = {Coursera},
	url		  = {https://www.coursera.org/learn/deep-neural-network},
	urldate	  = {2018-09-15}
}
@course{course:structuring-ml-proj,
	author	  = {Andrew Ng; Younes Bensouda Mourri; Kian Katanforoosh},
	title	  = {Structuring Machine Learning Projects},
	publisher = {Coursera},
	url		  = {https://www.coursera.org/learn/machine-learning-projects},
	urldate	  = {2018-09-15}
}
@course{course:cnn,
	author	  = {Andrew Ng; Younes Bensouda Mourri; Kian Katanforoosh},
	title	  = {Convolutional Neural Networks},
	publisher = {Coursera},
	url		  = {https://www.coursera.org/learn/convolutional-neural-networks},
	urldate	  = {2018-09-15}
}



